@article{pieper2011revisiting,
  title={Revisiting Energy Storage: There Is a Business Case},
  author={Pieper, C and Rubel, H},
  journal={The Boston Consulting Group},
  year={2011}
}

@misc{PowersSystemResearch,
  title={Powers System Research},
  note={\url{http://www. powersys.com/}}
}

@article{iea2012co2,
  title={IEA STATISTICS, CO2 EMISSIONS FROM FUEL COMBUSTION HIGHLIGHTS, 2012 EDITION},
  author={Van der Hoeven, Maria},
  journal={International Energy Agency},
  note={\url{http://www.iea.org/publications/freepublications/publication/CO2emissionfromfuelcombustionhighlightsMarch2013.pdf}},
  year={2012}
}

@misc{global2012smarter,
  title={SMARTer 2020-The role of ICT in Driving a Sustainable Future},
  author={Global e\mbox{-}Sustainability Initiative and others},
  year={2012}
}

@article{grid2008green,
  title={The Green Grid},
  author={Electric Power Research Institute, EPRI},
  year={2008},
  note={\url{http://www.smartgridinformation.info/pdf/2458_doc_1.pdf}}
}

@misc{2002iba,
  title={World Energy Outlook 2020},
  author={International Energy Agency},
  note={\url{https://www.oecd-nea.org/ndd/investment/session1/Birol.pdf}}
}

@misc{eia2011,
  title={International Energy Statistics},
  author={U.S.\ Energy Information Administration, EIA},
  year={2011},
  note={\url{http://www.eia.gov/cfapps/ipdbproject/iedindex3.cfm?tid=2&pid=2&aid=7&cid=regions&syid=2011&eyid=2011&unit=MK}}
}

@article{webb2008smart,
  title={SMART 2020: Enabling the low carbon economy in the information age},
  author={Webb, Molly and others},
  journal={The Climate Group. London},
  volume={1},
  number={1},
  pages={1--1},
  year={2008}
}

@misc{bbc:smartmeters,
  title={Smart meters will save only 2\% on energy bills, say MPs},
  year={2014},
  note={\url{http://www.bbc.co.uk/news/business-29125809}}
}
